
@article{Barnes:2013fp,
  title = {Revisiting the Evidence Linking {{Arctic}} Amplification to Extreme Weather in Midlatitudes},
  author = {Barnes, Elizabeth A},
  year = {2013},
  month = sep,
  volume = {40},
  pages = {4734--4739},
  doi = {10.1002/grl.50880},
  journal = {Geophysical Research Letters},
  language = {English},
  number = {17}
}

@article{cartwright_lightsout:2021,
  title = {The {{Week}} the {{Lights Went Out}} in {{Texas}}},
  shorttitle = {Lights Out},
  author = {Cartwright, Echo D.},
  year = {2021},
  volume = {37},
  pages = {19--20},
  issn = {2692-3823},
  doi = {10.1002/gas.22223},
  copyright = {Copyright \textcopyright{} 2021 Wiley Periodicals, Inc., A Wiley Company},
  journal = {Climate and Energy},
  language = {en},
  number = {9}
}
% == BibTeX quality report for cartwright_lightsout:2021:
% ? Title looks like it was stored in title-case in Zotero

@techreport{ceser_winterupdate:2021,
  title = {Extreme Cold \& Winter Weather Update \#1},
  shorttitle = {Winter Update},
  author = {{CESER}},
  year = {2021},
  month = feb,
  institution = {{U.S. Department of Energy Office of Cybsersecurity, Energy Security, and Emergency Response}}
}

@article{chester_reliable:2020,
  title = {Keeping Infrastructure Reliable under Climate Uncertainty},
  shorttitle = {Reliable},
  author = {Chester, Mikhail V. and Underwood, B. Shane and Samaras, Constantine},
  year = {2020},
  month = apr,
  pages = {1--3},
  publisher = {{Nature Publishing Group}},
  issn = {1758-6798},
  doi = {10.1038/s41558-020-0741-0},
  copyright = {2020 Springer Nature Limited},
  journal = {Nature Climate Change},
  language = {en}
}

@techreport{ciesin_gpwv4:2016,
  title = {Gridded Population of the World, Version 4 ({{GPWv4}}): Population Density.},
  shorttitle = {Gpwv4},
  author = {{CIESIN}},
  year = {2016},
  address = {{Palisades, NY}},
  institution = {{Center for International Earth Science Information Network - CIESIN - Columbia University}}
}

@techreport{clack_uri:2021,
  title = {{{ERCOT}} Winter Storm {{Uri}} Blackout Analysis ({{February}}, 2021)},
  shorttitle = {Uri},
  author = {Clack, Christopher T. M. and Choukulkar, Aditya and Cot{\'e}, Brianna and McKee, Sarah A},
  year = {2021},
  month = mar,
  institution = {{Vibrant Clean Energy, LLC}}
}

@article{Cohen:2014gx,
  title = {Recent {{Arctic}} Amplification and Extreme Mid-Latitude Weather},
  author = {Cohen, Judah and Screen, James A and Furtado, Jason C and Barlow, Mathew and Whittleston, David and Coumou, Dim and Francis, Jennifer and Dethloff, Klaus and Entekhabi, Dara and Overland, James and Jones, Justin},
  year = {2014},
  month = aug,
  volume = {7},
  pages = {627--637},
  doi = {10.1038/ngeo2234},
  journal = {Nature Geoscience},
  language = {English},
  number = {9}
}

@article{crum_water:2021,
  title = {Oklahoma Winter Weather: {{OKC}} Water Demand Nearly Double the Average},
  shorttitle = {Water},
  author = {Crum, William},
  year = {2021},
  month = feb,
  address = {{Oklahoma City, OK}},
  journal = {The Oklahoman},
  language = {en-US}
}

@article{davis:2018,
  title = {Net-Zero Emissions Energy Systems},
  author = {Davis, Steven J. and Lewis, Nathan S. and Shaner, Matthew and Aggarwal, Sonia and Arent, Doug and Azevedo, In{\^e}s L. and Benson, Sally M. and Bradley, Thomas and Brouwer, Jack and Chiang, Yet-Ming and Clack, Christopher T. M. and Cohen, Armond and Doig, Stephen and Edmonds, Jae and Fennell, Paul and Field, Christopher B. and Hannegan, Bryan and Hodge, Bri-Mathias and Hoffert, Martin I. and Ingersoll, Eric and Jaramillo, Paulina and Lackner, Klaus S. and Mach, Katharine J. and Mastrandrea, Michael and Ogden, Joan and Peterson, Per F. and Sanchez, Daniel L. and Sperling, Daniel and Stagner, Joseph and Trancik, Jessika E. and Yang, Chi-Jen and Caldeira, Ken},
  year = {2018},
  month = jun,
  volume = {360},
  pages = {eaas9793},
  issn = {0036-8075, 1095-9203},
  doi = {10.1126/science.aas9793},
  journal = {Science},
  language = {en},
  number = {6396}
}

@article{dobbins_blackoutdisparity:2021,
  title = {Texas Blackouts Hit Minority Neighborhoods Especially Hard},
  shorttitle = {Blackout Disparity},
  author = {Dobbins, James and Tabuchi, Hiroko},
  year = {2021},
  month = feb,
  issn = {0362-4331},
  chapter = {Climate},
  journal = {The New York Times},
  language = {en-US}
}

@article{DossGollin:2019,
  title = {Robust Adaptation to Multiscale Climate Variability},
  author = {{Doss-Gollin}, James and Farnham, David J. and Steinschneider, Scott and Lall, Upmanu},
  year = {2019},
  month = jun,
  volume = {7},
  issn = {2328-4277},
  doi = {10.1029/2019ef001154},
  journal = {Earth's Future},
  language = {en},
  number = {7},
  open = {true},
  repo = {https://github.com/jdossgollin/2018-robust-adaptation-cyclical-risk}
}

@misc{ercot_quickfacts:2019,
  title = {{{ERCOT}} Quick Facts},
  shorttitle = {Quick Facts},
  author = {{ERCOT}},
  year = {2019},
  month = jan,
  howpublished = {http://www.ercot.com/content/wcm/lists/172484/ERCOT\_Quick\_Facts\_01.17.19.pdf},
  journal = {Electricity Reliability Council of Texas}
}

@techreport{ercotpublic_outagesv1:2021,
  title = {February 2021 Extreme Cold Weather Event: Preliminary Report on Causes of Generator Outages and Derates},
  shorttitle = {Outages V1},
  author = {{ERCOT}},
  year = {2021},
  month = apr,
  institution = {{Electric Reliability Council of Texas}}
}

@techreport{ercotpublic_outagesv2:2021,
  title = {Update to {{April}} 6, 2021 Preliminary Report on Causes of Generator Outages and Derates during the {{February}} 2021 Extreme Cold Weather Event},
  shorttitle = {Outages V2},
  author = {{ERCOT}},
  year = {2021},
  month = apr,
  institution = {{Electric Reliability Council of Texas}}
}

@techreport{ercotpublic_sarawinter:2020,
  title = {Final Seasonal Assessment of Resource Adequacy for the {{ERCOT}} Region ({{SARA}}): Winter 2020/2021},
  shorttitle = {{{SARA}} Winter},
  author = {{ERCOT}},
  year = {2020},
  month = nov,
  institution = {{Electric Reliability Council of Texas}}
}

@techreport{everhart_iea:2021,
  title = {Severe Power Cuts in {{Texas}} Highlight Energy Security Risks Related to Extreme Weather Events},
  shorttitle = {Iea},
  author = {Everhart, Keith and Molnar, Gergely},
  year = {2021},
  month = feb,
  institution = {{International Energy Agency}},
  language = {en-GB}
}

@techreport{ferc_outages:2011,
  title = {Report on Outages and Curtailments during the {{Southwest}} Cold Weather Event},
  shorttitle = {Outages},
  author = {{FERC} and {NERC}},
  year = {2011},
  month = aug,
  pages = {357},
  institution = {{Federal Energy Regulatory Commission and North American Electric Reliability Corporation}},
  language = {en}
}

@article{gunter_fishes:1951,
  title = {Destruction of Fishes and Other Organisms on the {{South Texas Coast}} by the Cold Wave of {{January}} 28-{{February}} 3, 1951},
  shorttitle = {Fishes},
  author = {Gunter, Gordon},
  year = {1951},
  volume = {32},
  pages = {731--736},
  publisher = {{Ecological Society of America}},
  issn = {00129658, 19399170},
  doi = {10.2307/1932740},
  journal = {Ecology},
  number = {4}
}

@article{hersbach_era5:2020,
  title = {The {{ERA5}} Global Reanalysis},
  shorttitle = {Era5},
  author = {Hersbach, Hans and Bell, Bill and Berrisford, Paul and Hirahara, Shoji and Hor{\'a}nyi, Andr{\'a}s and Mu{\~n}oz-Sabater, Joaqu{\'i}n and Nicolas, Julien and Peubey, Carole and Radu, Raluca and Schepers, Dinand and Simmons, Adrian and Soci, Cornel and Abdalla, Saleh and Abellan, Xavier and Balsamo, Gianpaolo and Bechtold, Peter and Biavati, Gionata and Bidlot, Jean and Bonavita, Massimo and Chiara, Giovanna De and Dahlgren, Per and Dee, Dick and Diamantakis, Michail and Dragani, Rossana and Flemming, Johannes and Forbes, Richard and Fuentes, Manuel and Geer, Alan and Haimberger, Leo and Healy, Sean and Hogan, Robin J. and H{\'o}lm, El{\'i}as and Janiskov{\'a}, Marta and Keeley, Sarah and Laloyaux, Patrick and Lopez, Philippe and Lupu, Cristina and Radnoti, Gabor and de Rosnay, Patricia and Rozum, Iryna and Vamborg, Freja and Villaume, Sebastien and Th{\'e}paut, Jean-No{\"e}l},
  year = {2020},
  volume = {146},
  pages = {1999--2049},
  issn = {1477-870X},
  doi = {10.1002/qj.3803},
  copyright = {\textcopyright{} 2020 The Authors. Quarterly Journal of the Royal Meteorological Society published by John Wiley \& Sons Ltd on behalf of the Royal Meteorological Society.},
  journal = {Quarterly Journal of the Royal Meteorological Society},
  language = {en},
  number = {730}
}

@article{hogan_gev:2019,
  title = {Representation of {{U}}.{{S}}. Warm Temperature Extremes in Global Climate Model Ensembles},
  shorttitle = {{{GEV}}},
  author = {Hogan, Emily and Nicholas, Robert E. and Keller, Klaus and Eilts, Stephanie and Sriver, Ryan L.},
  year = {2019},
  month = may,
  volume = {32},
  pages = {2591--2603},
  publisher = {{American Meteorological Society}},
  issn = {0894-8755, 1520-0442},
  doi = {10.1175/JCLI-D-18-0075.1},
  chapter = {Journal of Climate},
  journal = {Journal of Climate},
  language = {EN},
  number = {9}
}

@article{hosking_gev:1985,
  title = {Estimation of the {{Generalized Extreme}}-{{Value}} Distribution by the Method of Probability-Weighted Moments},
  shorttitle = {Gev},
  author = {Hosking, J. R. M. and Wallis, J. R. and Wood, E. F.},
  year = {1985},
  month = aug,
  volume = {27},
  pages = {251--261},
  publisher = {{Taylor \& Francis}},
  issn = {0040-1706},
  doi = {10.1080/00401706.1985.10488049},
  journal = {Technometrics},
  number = {3}
}

@techreport{ipcc_ar5:2014,
  title = {Climate Change 2014: Synthesis Report. {{Contribution}} of {{Working Groups I}}, {{II}} and {{III}} to the Fifth {{Assessment}} Report of the {{Intergovernmental Panel}} on {{Climate Change}}},
  shorttitle = {Ar5},
  author = {{IPCC}},
  year = {2014},
  pages = {151},
  address = {{Geneva, Switzerland}},
  institution = {{International Panel on Climate Change}}
}

@article{koster_snakemake:2012,
  title = {Snakemake: A Scalable Bioinformatics Workflow Engine},
  shorttitle = {Snakemake},
  author = {K{\"o}ster, Johannes and Rahmann, Sven},
  year = {2012},
  month = oct,
  volume = {28},
  pages = {2520--2522},
  publisher = {{Oxford Academic}},
  issn = {1367-4803},
  doi = {10.1093/bioinformatics/bts480},
  journal = {Bioinformatics},
  language = {en},
  number = {19}
}

@article{lee_picar:2019,
  title = {{{PICAR}}: {{An}} Efficient Extendable Approach for Fitting Hierarchical Spatial Models},
  shorttitle = {{{PICAR}}},
  author = {Lee, Ben Seiyon and Haran, Murali},
  year = {2019},
  month = dec,
  archiveprefix = {arXiv},
  eprint = {1912.02382},
  eprinttype = {arxiv},
  journal = {arXiv:1912.02382 [stat]},
  primaryclass = {stat}
}
% == BibTeX quality report for lee_picar:2019:
% ? Possibly abbreviated journal title arXiv:1912.02382 [stat]

@article{Lima:2010di,
  title = {Spatial Scaling in a Changing Climate: {{A}} Hierarchical Bayesian Model for Non-Stationary Multi-Site Annual Maximum and Monthly Streamflow},
  author = {Lima, Carlos H R and Lall, Upmanu},
  year = {2010},
  month = mar,
  volume = {383},
  pages = {307--318},
  doi = {10.1016/j.jhydrol.2009.12.045},
  journal = {Journal of Hydrology},
  language = {English},
  number = {3-4}
}

@misc{magness_review:2021,
  title = {Review of {{February}} 2021 Extreme Cold Weather Event},
  shorttitle = {Review},
  author = {Magness, Bill},
  year = {2021},
  month = feb,
  language = {en}
}

@article{martins_gev:2001,
  title = {Historical Information in a Generalized Maximum Likelihood Framework with Partial Duration and Annual Maximum Series},
  shorttitle = {Gev},
  author = {Martins, Eduardo S. and Stedinger, Jery R.},
  year = {2001},
  volume = {37},
  pages = {2559--2567},
  issn = {1944-7973},
  doi = {10.1029/2000wr000009},
  copyright = {Copyright 2001 by the American Geophysical Union.},
  journal = {Water Resources Research},
  language = {en},
  number = {10}
}

@article{Menne:2012hk,
  title = {An Overview of the Global Historical Climatology Network-Daily Database},
  author = {Menne, Matthew J and Durre, Imke and Vose, Russell S and Gleason, Byron E and Houston, Tamara G},
  year = {2012},
  month = jul,
  volume = {29},
  pages = {897--910},
  doi = {10.1175/jtech-d-11-00103.1},
  journal = {Journal of Atmospheric and Oceanic Technology},
  language = {English},
  number = {7}
}

@article{Milly:2008dg,
  title = {Stationarity Is Dead: Whither Water Management?},
  author = {Milly, P C D and Betancourt, Julio and Falkenmark, M and Hirsch, R M and Kundzewicz, Z W and Lettenmaier, D P and Stouffer, R J},
  year = {2008},
  month = feb,
  volume = {319},
  pages = {573--574},
  publisher = {American Association for the Advancement of Science},
  doi = {10.1126/science.1151915},
  affiliation = {U.S. Geological Survey (USGS), c/o National Oceanic and Atmospheric Administration (NOAA) Geophysical Fluid Dynamics Laboratory, Princeton, NJ 08540, USA. cmilly@usgs.gov .},
  journal = {Science},
  language = {English},
  number = {5863},
  pmid = {18239110}
}

@article{money_oklahoma:2021,
  title = {More Rolling Blackouts Possible across {{Oklahoma}}},
  shorttitle = {Oklahoma},
  author = {Money, Jack},
  year = {2021},
  month = feb,
  address = {{Oklahoma City, OK}},
  journal = {The Oklahoman},
  language = {en-US}
}

@article{morrison_gev:2002,
  title = {Stochastic Modeling of Flood Peaks Using the Generalized Extreme Value Distribution},
  shorttitle = {Gev},
  author = {Morrison, Julia E. and Smith, James A.},
  year = {2002},
  volume = {38},
  pages = {41-1-41-12},
  issn = {1944-7973},
  doi = {10.1029/2001wr000502},
  copyright = {Copyright 2002 by the American Geophysical Union.},
  journal = {Water Resources Research},
  language = {en},
  number = {12}
}

@article{mulcahy_urideath:2021,
  title = {At Least 111 People Died in {{Texas}} during Winter Storm, Most from Hypothermia},
  shorttitle = {Uri Death},
  author = {Mulcahy, Shawn},
  year = {2021},
  month = mar,
  journal = {The Texas Tribune},
  language = {en}
}

@techreport{nerc_operation:1989,
  title = {{{ERCOT}} Emergency Operation {{December}} 21-32, 1989},
  shorttitle = {Operation},
  author = {{NERC}},
  year = {1989},
  institution = {{North American Electric Reliability Corporation}}
}

@techreport{nerc_previous:2013,
  title = {Assessment of Previous Severe Winter Weather Reports 1983-2011},
  shorttitle = {Previous},
  author = {{NERC}},
  year = {2013},
  month = jul,
  address = {{Atlanta, GA}},
  institution = {{North American Electric Reliability Corporation}}
}

@inbook{nielsen-gammon_txacc:2011,
  title = {The Changing Climate of {{Texas}}},
  shorttitle = {{{TX ACC}}},
  booktitle = {The {{Impact}} of {{Global Warming}} on {{Texas}}: {{Second Edition}}},
  author = {Nielsen-Gammon, John W.},
  year = {2011},
  month = jun,
  publisher = {{University of Texas Press}},
  collaborator = {Schmandt, Jurgen and Clarkson, Judith and North, Gerald R.},
  isbn = {978-0-292-72330-6},
  language = {en}
}
% == BibTeX quality report for nielsen-gammon_txacc:2011:
% Missing required field 'chapter/pages'

@article{osborne_twofreezes:2021,
  title = {A Tale of Two Freezes: {{How}} the {{Texas}} Power Grid Stayed on in the 1989 Cold Snap},
  shorttitle = {Two Freezes},
  author = {Osborne, James},
  year = {2021},
  month = mar,
  address = {{Houston, TX}},
  chapter = {Energy},
  journal = {Houston Chronicle},
  language = {en-US}
}

@article{romanowsky_stratosphere:2019,
  title = {The Role of Stratospheric Ozone for {{Arctic}}-Midlatitude Linkages},
  shorttitle = {Stratosphere},
  author = {Romanowsky, Erik and Handorf, D{\"o}rthe and Jaiser, Ralf and Wohltmann, Ingo and Dorn, Wolfgang and Ukita, Jinro and Cohen, Judah and Dethloff, Klaus and Rex, Markus},
  year = {2019},
  month = may,
  volume = {9},
  pages = {7962},
  publisher = {{Nature Publishing Group}},
  issn = {2045-2322},
  doi = {10.1038/s41598-019-43823-1},
  copyright = {2019 The Author(s)},
  journal = {Scientific Reports},
  language = {en},
  number = {1}
}

@article{Screen:2013ho,
  title = {Exploring Links between {{Arctic Amplification}} and Mid-Latitude Weather},
  author = {Screen, James A and Simmonds, Ian},
  year = {2013},
  month = mar,
  volume = {40},
  pages = {959--964},
  doi = {10.1002/grl.50174},
  journal = {Geophysical Research Letters},
  language = {English},
  number = {5}
}

@article{smead_eyesoftx:2021,
  title = {{{ERCOT}}--the Eyes of {{Texas}} (and the {{World}}) Are upon You: What Can Be Done to Avoid a {{February}} 2021 Repeat},
  shorttitle = {Eyes of {{TX}}},
  author = {Smead, Richard G.},
  year = {2021},
  volume = {37},
  pages = {14--18},
  issn = {2692-3823},
  doi = {10.1002/gas.22228},
  copyright = {Copyright \textcopyright{} 2021 Wiley Periodicals, Inc., A Wiley Company},
  journal = {Climate and Energy},
  language = {en},
  number = {10}
}

@techreport{texaswaterplan:2012,
  title = {Water for {{Texas}} 2012 State Water Plan},
  shorttitle = {Plan},
  author = {{Texas Water Development Board}},
  year = {2012},
  month = jan
}
% == BibTeX quality report for texaswaterplan:2012:
% Missing required field 'institution'

@misc{useia_generators:2021,
  title = {Preliminary Monthly Electric Generator Inventory (Based on {{Form EIA}}-{{860M}} as a Supplement to {{Form EIA}}-860)},
  shorttitle = {Generators},
  author = {{USEIA}},
  year = {2021},
  month = nov,
  publisher = {{United States Energy Information Administration}}
}

@misc{useia_regions:2021,
  title = {North {{American Electric Reliability Corporation}} ({{NERC}}) {{Regions}}},
  shorttitle = {Regions},
  author = {{USEIA}},
  year = {2021},
  publisher = {{United States Energy Information Administration}}
}
% == BibTeX quality report for useia_regions:2021:
% ? Title looks like it was stored in title-case in Zotero

@article{waite_heating:2020,
  title = {Electricity Load Implications of Space Heating Decarbonization Pathways},
  shorttitle = {Heating},
  author = {Waite, Michael and Modi, Vijay},
  year = {2020},
  month = feb,
  volume = {4},
  pages = {376--394},
  issn = {2542-4351},
  doi = {10.1016/j.joule.2019.11.011},
  journal = {Joule},
  language = {en},
  number = {2}
}

@techreport{white_txresidential:2019,
  title = {Electrification of Heating in the {{Texas}} Residential Sector},
  shorttitle = {Tx Residential},
  author = {White, Philip M and Rhodes, Joshua D},
  year = {2019},
  institution = {{IdeaSmiths, LLC}}
}

@article{williams_decarbonization:2012,
  title = {The Technology Path to Deep Greenhouse Gas Emissions Cuts by 2050: The Pivotal Role of Electricity},
  shorttitle = {Decarbonization},
  author = {Williams, James H. and DeBenedictis, Andrew and Ghanadan, Rebecca and Mahone, Amber and Moore, Jack and Morrow, William R. and Price, Snuller and Torn, Margaret S.},
  year = {2012},
  month = jan,
  volume = {335},
  pages = {53--59},
  publisher = {{American Association for the Advancement of Science}},
  issn = {0036-8075, 1095-9203},
  doi = {10.1126/science.1208365},
  chapter = {Research Article},
  copyright = {Copyright \textcopyright{} 2012, American Association for the Advancement of Science},
  journal = {Science},
  language = {en},
  number = {6064},
  pmid = {22116030}
}

@article{wong_floodrisk:2018,
  title = {Neglecting Model Structural Uncertainty Underestimates Upper Tails of Flood Hazard},
  shorttitle = {Floodrisk},
  author = {Wong, Tony E. and Klufas, Alexandra and Srikrishnan, Vivek and Keller, Klaus},
  year = {2018},
  month = jul,
  volume = {13},
  pages = {074019},
  issn = {1748-9326},
  doi = {10.1088/1748-9326/aacb3d},
  journal = {Environmental Research Letters},
  language = {en},
  number = {7}
}

@article{wu_tx:2021,
  title = {An Open-Source Model for Simulation and Corrective Measure Assessment of the 2021 {{Texas}} Power Outage},
  shorttitle = {{{TX}}},
  author = {Wu, Dongqi and Zheng, Xiangtian and Xu, Yixing and Olsen, Daniel and Xia, Bainan and Singh, Chanan and Xie, Le},
  year = {2021},
  month = apr,
  archiveprefix = {arXiv},
  eprint = {2104.04146},
  eprinttype = {arxiv},
  journal = {arXiv:2104.04146 [physics]},
  primaryclass = {physics}
}
% == BibTeX quality report for wu_tx:2021:
% ? Possibly abbreviated journal title arXiv:2104.04146 [physics]


% Required packages:
% * textcomp

