
@article{Barnes:2013fp,
  title = {Revisiting the Evidence Linking {{Arctic}} Amplification to Extreme Weather in Midlatitudes},
  author = {Barnes, Elizabeth A},
  year = {2013},
  month = sep,
  volume = {40},
  pages = {4734--4739},
  doi = {10/f5dh67},
  journal = {Geophysical Research Letters},
  language = {English},
  number = {17}
}

@article{chester_reliable:2020,
  title = {Keeping Infrastructure Reliable under Climate Uncertainty},
  shorttitle = {Reliable},
  author = {Chester, Mikhail V. and Underwood, B. Shane and Samaras, Constantine},
  year = {2020},
  month = apr,
  pages = {1--3},
  publisher = {{Nature Publishing Group}},
  issn = {1758-6798},
  doi = {10/gg32zh},
  copyright = {2020 Springer Nature Limited},
  journal = {Nature Climate Change},
  language = {en}
}

@article{Cohen:2014gx,
  title = {Recent {{Arctic}} Amplification and Extreme Mid-Latitude Weather},
  author = {Cohen, Judah and Screen, James A and Furtado, Jason C and Barlow, Mathew and Whittleston, David and Coumou, Dim and Francis, Jennifer and Dethloff, Klaus and Entekhabi, Dara and Overland, James and Jones, Justin},
  year = {2014},
  month = aug,
  volume = {7},
  pages = {627--637},
  doi = {10/f6hdk7},
  journal = {Nature Geoscience},
  language = {English},
  number = {9}
}

@article{DossGollin:2019,
  title = {Robust Adaptation to Multiscale Climate Variability},
  author = {{Doss-Gollin}, James and Farnham, David J. and Steinschneider, Scott and Lall, Upmanu},
  year = {2019},
  month = jun,
  volume = {7},
  issn = {2328-4277},
  doi = {10/ghkp9b},
  journal = {Earth's Future},
  language = {en},
  number = {7},
  open = {true},
  repo = {https://github.com/jdossgollin/2018-robust-adaptation-cyclical-risk}
}

@techreport{everhart_iea:2021,
  title = {Severe Power Cuts in {{Texas}} Highlight Energy Security Risks Related to Extreme Weather Events},
  shorttitle = {Iea},
  author = {Everhart, Keith and Molnar, Gergely},
  year = {2021},
  month = feb,
  institution = {{International Energy Agency}},
  language = {en-GB}
}

@article{hersbach_:2020,
  title = {The {{ERA5}} Global Reanalysis},
  author = {Hersbach, Hans and Bell, Bill and Berrisford, Paul and Hirahara, Shoji and Hor{\'a}nyi, Andr{\'a}s and Mu{\~n}oz-Sabater, Joaqu{\'i}n and Nicolas, Julien and Peubey, Carole and Radu, Raluca and Schepers, Dinand and Simmons, Adrian and Soci, Cornel and Abdalla, Saleh and Abellan, Xavier and Balsamo, Gianpaolo and Bechtold, Peter and Biavati, Gionata and Bidlot, Jean and Bonavita, Massimo and Chiara, Giovanna De and Dahlgren, Per and Dee, Dick and Diamantakis, Michail and Dragani, Rossana and Flemming, Johannes and Forbes, Richard and Fuentes, Manuel and Geer, Alan and Haimberger, Leo and Healy, Sean and Hogan, Robin J. and H{\'o}lm, El{\'i}as and Janiskov{\'a}, Marta and Keeley, Sarah and Laloyaux, Patrick and Lopez, Philippe and Lupu, Cristina and Radnoti, Gabor and de Rosnay, Patricia and Rozum, Iryna and Vamborg, Freja and Villaume, Sebastien and Th{\'e}paut, Jean-No{\"e}l},
  year = {2020},
  volume = {146},
  pages = {1999--2049},
  issn = {1477-870X},
  doi = {10.1002/qj.3803},
  annotation = {\_eprint: https://rmets.onlinelibrary.wiley.com/doi/pdf/10.1002/qj.3803},
  copyright = {\textcopyright{} 2020 The Authors. Quarterly Journal of the Royal Meteorological Society published by John Wiley \& Sons Ltd on behalf of the Royal Meteorological Society.},
  journal = {Quarterly Journal of the Royal Meteorological Society},
  keywords = {climate reanalysis,Copernicus Climate Change Service,data assimilation,ERA5,historical observations},
  language = {en},
  number = {730}
}

@article{lee_picar:2019,
  title = {{{PICAR}}: {{An Efficient Extendable Approach}} for {{Fitting Hierarchical Spatial Models}}},
  shorttitle = {{{PICAR}}},
  author = {Lee, Ben Seiyon and Haran, Murali},
  year = {2019},
  month = dec,
  archiveprefix = {arXiv},
  eprint = {1912.02382},
  eprinttype = {arxiv},
  journal = {arXiv:1912.02382 [stat]},
  keywords = {Statistics - Computation},
  primaryclass = {stat}
}

@article{Lima:2010di,
  title = {Spatial Scaling in a Changing Climate: {{A}} Hierarchical Bayesian Model for Non-Stationary Multi-Site Annual Maximum and Monthly Streamflow},
  author = {Lima, Carlos H R and Lall, Upmanu},
  year = {2010},
  month = mar,
  volume = {383},
  pages = {307--318},
  doi = {10/dxtdq3},
  journal = {Journal of Hydrology},
  language = {English},
  number = {3-4}
}

@article{Screen:2013ho,
  title = {Exploring Links between {{Arctic Amplification}} and Mid-Latitude Weather},
  author = {Screen, James A and Simmonds, Ian},
  year = {2013},
  month = mar,
  volume = {40},
  pages = {959--964},
  doi = {10/f4v6vd},
  journal = {Geophysical Research Letters},
  language = {English},
  local-url = {file://localhost/Users/james/Google%20Drive/Apps/Papers/Library.papers3/Files/2E/2E6C2934-AEC6-4E32-BE1F-307992A05C95.pdf},
  number = {5},
  rating = {0},
  read = {Yes},
  uri = {papers3://publication/doi/10.1002/grl.50174}
}

@article{waite_heating:2020,
  title = {Electricity {{Load Implications}} of {{Space Heating Decarbonization Pathways}}},
  shorttitle = {Heating},
  author = {Waite, Michael and Modi, Vijay},
  year = {2020},
  month = feb,
  volume = {4},
  pages = {376--394},
  issn = {2542-4351},
  doi = {10.1016/j.joule.2019.11.011},
  journal = {Joule},
  keywords = {alternative fuels,decarbonization,dual source systems,electrification,energy infrastructure,energy systems analysis,heating and cooling},
  language = {en},
  number = {2}
}

@article{williams_decarbonization:2012,
  title = {The {{Technology Path}} to {{Deep Greenhouse Gas Emissions Cuts}} by 2050: {{The Pivotal Role}} of {{Electricity}}},
  shorttitle = {Decarbonization},
  author = {Williams, James H. and DeBenedictis, Andrew and Ghanadan, Rebecca and Mahone, Amber and Moore, Jack and Morrow, William R. and Price, Snuller and Torn, Margaret S.},
  year = {2012},
  month = jan,
  volume = {335},
  pages = {53--59},
  publisher = {{American Association for the Advancement of Science}},
  issn = {0036-8075, 1095-9203},
  doi = {10.1126/science.1208365},
  chapter = {Research Article},
  copyright = {Copyright \textcopyright{} 2012, American Association for the Advancement of Science},
  journal = {Science},
  language = {en},
  number = {6064},
  pmid = {22116030}
}


